<?xml version="1.0" encoding="UTF-8"?><collection xmlns="http://www.loc.gov/MARC21/slim"><record><leader>00501nam--2200121-i-4500</leader><controlfield tag="001">000043406</controlfield><controlfield tag="002">20161230</controlfield><controlfield tag="005">20161230201044</controlfield><controlfield tag="008">060222s1000------------r-----000-0-eng-d</controlfield><datafield ind1=" " ind2=" " tag="080"><subfield code="a">621.38:62-52</subfield></datafield><datafield ind1=" " ind2=" " tag="245"><subfield code="a">System sensitivity and adaptivity. second edition. preprints. second ifac symposium. org.by:yugoslav committee for electronics and automation etan. dubrovnik, yugoslavia, august 26-31, 1968. p.dif</subfield></datafield><datafield ind1=" " ind2=" " tag="260"><subfield code="a">Dubrovnik, Yugoslav Committee For Electronics And Automation Etan, 1968</subfield></datafield><datafield ind1=" " ind2=" " tag="852"><subfield code="a">35695</subfield></datafield></record></collection>